<record><leader>00000cas a2200000 a 4500</leader><controlfield tag="001">13673955</controlfield><controlfield tag="008">860602d19251951okudr ne      0    0eng d</controlfield><datafield ind1=" " ind2=" " tag="010"><subfield code="a">sn 86064163 </subfield></datafield><datafield ind1=" " ind2=" " tag="040"><subfield code="a">KSH</subfield><subfield code="b">eng</subfield><subfield code="c">KSH</subfield><subfield code="d">NPT</subfield><subfield code="d">OBN</subfield><subfield code="d">OCL</subfield><subfield code="d">OCLCQ</subfield></datafield><datafield ind1=" " ind2=" " tag="042"><subfield code="a">msc</subfield></datafield><datafield ind1="0" ind2="4" tag="245"><subfield code="a">The Daily journal-capital.</subfield></datafield><datafield ind1=" " ind2=" " tag="260"><subfield code="a">Pawhuska, Okla. :</subfield><subfield code="b">Osage Pub. Co.</subfield></datafield><datafield ind1=" " ind2=" " tag="300"><subfield code="a">v.</subfield></datafield><datafield ind1=" " ind2=" " tag="310"><subfield code="a">Daily</subfield></datafield><datafield ind1=" " ind2=" " tag="321"><subfield code="a">Vol. 21, no. 63 (Aug. 16,</subfield><subfield code="b">1925)-v. 44, no. 38 (Feb. 23, 1951)</subfield></datafield><datafield ind1=" " ind2=" " tag="580"><subfield code="a">Absorbed: Osage journal and continued as a weekly ed.</subfield></datafield><datafield ind1=" " ind2="4" tag="651"><subfield code="a">Pawhuska (Okla.)</subfield><subfield code="v">Newspapers.</subfield></datafield><datafield ind1=" " ind2="4" tag="651"><subfield code="a">Osage County (Okla.)</subfield><subfield code="v">Newspapers.</subfield></datafield><datafield ind1=" " ind2=" " tag="752"><subfield code="a">United States</subfield><subfield code="b">Oklahoma</subfield><subfield code="c">Osage</subfield><subfield code="d">Pawhuska.</subfield></datafield><datafield ind1="0" ind2=" " tag="775"><subfield code="t">Osage journal</subfield><subfield code="w">(DLC)sn 92038144</subfield></datafield><datafield ind1="0" ind2="0" tag="780"><subfield code="t">Daily Pawhuska journal capital</subfield><subfield code="w">(DLC)sn 93066002</subfield><subfield code="w">(OCoLC)27787818</subfield></datafield><datafield ind1="0" ind2="0" tag="785"><subfield code="t">Pawhuska journal capital</subfield><subfield code="w">(DLC)sn 93066003</subfield><subfield code="w">(OCoLC)27787793</subfield></datafield><datafield ind1="1" ind2=" " tag="029"><subfield code="a">AU@</subfield><subfield code="b">000004694092</subfield></datafield></record>